<record><leader>00000cas a2200000   4500</leader><controlfield tag="001">6219710</controlfield><controlfield tag="008">800418d19801981azuwr n       0    0eng d</controlfield><datafield ind1=" " ind2=" " tag="010"><subfield code="a">sn 95060664 </subfield></datafield><datafield ind1=" " ind2=" " tag="040"><subfield code="a">AZU</subfield><subfield code="b">eng</subfield><subfield code="c">AZU</subfield><subfield code="d">ANN</subfield><subfield code="d">OCL</subfield><subfield code="d">ANN</subfield><subfield code="d">OCLCF</subfield><subfield code="d">OCLCO</subfield></datafield><datafield ind1=" " ind2=" " tag="042"><subfield code="a">msc</subfield></datafield><datafield ind1=" " ind2=" " tag="043"><subfield code="a">n-us-az</subfield></datafield><datafield ind1="0" ind2="0" tag="245"><subfield code="a">Tucson weekly news.</subfield></datafield><datafield ind1=" " ind2=" " tag="260"><subfield code="a">Tucson, Ariz.,</subfield><subfield code="b">Southern Arizona Media, Inc.,</subfield><subfield code="c">1980-</subfield></datafield><datafield ind1=" " ind2=" " tag="300"><subfield code="a">v.</subfield><subfield code="b">ill.,</subfield><subfield code="c">42 cm.</subfield></datafield><datafield ind1=" " ind2=" " tag="310"><subfield code="a">Weekly</subfield></datafield><datafield ind1="0" ind2=" " tag="362"><subfield code="a">Vol. 1, no. 1 (Jan. 23, 1980)-</subfield></datafield><datafield ind1="1" ind2=" " tag="362"><subfield code="a">Ceased 1981.</subfield></datafield><datafield ind1=" " ind2=" " tag="515"><subfield code="a">Preceded by a preview issue dated Dec. 12, 1979.</subfield></datafield><datafield ind1=" " ind2="0" tag="651"><subfield code="a">Tucson (Ariz.)</subfield><subfield code="v">Newspapers.</subfield></datafield><datafield ind1=" " ind2="0" tag="651"><subfield code="a">Pima County (Ariz.)</subfield><subfield code="v">Newspapers.</subfield></datafield><datafield ind1=" " ind2="7" tag="655"><subfield code="a">Newspapers.</subfield><subfield code="2">fast</subfield><subfield code="0">(OCoLC)fst01423814</subfield></datafield><datafield ind1=" " ind2="7" tag="651"><subfield code="a">Arizona</subfield><subfield code="z">Pima County.</subfield><subfield code="2">fast</subfield><subfield code="0">(OCoLC)fst01205717</subfield></datafield><datafield ind1=" " ind2="7" tag="651"><subfield code="a">Arizona</subfield><subfield code="z">Tucson.</subfield><subfield code="2">fast</subfield><subfield code="0">(OCoLC)fst01205454</subfield></datafield><datafield ind1=" " ind2=" " tag="752"><subfield code="a">United States</subfield><subfield code="b">Arizona</subfield><subfield code="c">Pima</subfield><subfield code="d">Tucson.</subfield></datafield></record>